<record><leader>00000cas a2200000 a 4500</leader><controlfield tag="001">13379048</controlfield><controlfield tag="008">860402d18821917paucr ne      0    0eng d</controlfield><datafield ind1=" " ind2=" " tag="010"><subfield code="a">sn 86063554 </subfield></datafield><datafield ind1=" " ind2=" " tag="040"><subfield code="a">KSH</subfield><subfield code="b">eng</subfield><subfield code="c">KSH</subfield><subfield code="d">NPT</subfield><subfield code="d">NPH</subfield><subfield code="d">OCL</subfield><subfield code="d">OCLCQ</subfield></datafield><datafield ind1=" " ind2=" " tag="042"><subfield code="a">msc</subfield></datafield><datafield ind1="0" ind2=" " tag="130"><subfield code="a">Northampton democrat (Easton, Pa. : 1882)</subfield></datafield><datafield ind1="1" ind2="0" tag="245"><subfield code="a">Northampton democrat.</subfield></datafield><datafield ind1=" " ind2=" " tag="260"><subfield code="a">Easton, Pa. :</subfield><subfield code="b">James J. Cope and T.F. Emmens,</subfield><subfield code="c">1882-1917.</subfield></datafield><datafield ind1=" " ind2=" " tag="300"><subfield code="a">92 v. :</subfield><subfield code="b">ill. ;</subfield><subfield code="c">73 cm.</subfield></datafield><datafield ind1=" " ind2=" " tag="310"><subfield code="a">Semiweekly,</subfield><subfield code="b">&lt;1917&gt;</subfield></datafield><datafield ind1=" " ind2=" " tag="321"><subfield code="a">Weekly,</subfield><subfield code="b">&lt;1882-1883&gt;</subfield></datafield><datafield ind1="0" ind2=" " tag="362"><subfield code="a">Vol. 1, no. 1 (Apr. 28, 1882)-v. 92, no. [75] (Nov. 2, 1917).</subfield></datafield><datafield ind1=" " ind2=" " tag="752"><subfield code="a">United States</subfield><subfield code="b">Pennsylvania</subfield><subfield code="c">Northampton</subfield><subfield code="d">Easton.</subfield></datafield><datafield ind1="0" ind2="7" tag="785"><subfield code="t">Easton semi-weekly Argus</subfield><subfield code="w">(DLC)sn 86064040</subfield></datafield><datafield ind1="0" ind2="7" tag="785"><subfield code="t">Easton Argus-Northampton democrat</subfield><subfield code="w">(DLC)sn 88079131</subfield></datafield><datafield ind1="1" ind2=" " tag="029"><subfield code="a">AU@</subfield><subfield code="b">000022168499</subfield></datafield></record>